<?xml version="1.0" encoding="UTF-8"?><record xmlns="http://www.loc.gov/MARC21/slim" xmlns:cinclude="http://apache.org/cocoon/include/1.0" xmlns:zs="http://www.loc.gov/zing/srw/">
  <leader>00455cz  a2200145n  4500</leader>
  <controlfield tag="001">no 93028213 </controlfield>
  <controlfield tag="003">DLC</controlfield>
  <controlfield tag="005">19950921144050.6</controlfield>
  <controlfield tag="008">930922n| acannaab|          |a aaa     c</controlfield>
  <datafield tag="010" ind1=" " ind2=" ">
    <subfield code="a">no 93028213 </subfield>
    <subfield code="z">n  86145419 </subfield>
  </datafield>
  <datafield tag="040" ind1=" " ind2=" ">
    <subfield code="a">InU-Mu</subfield>
    <subfield code="c">InU-Mu</subfield>
    <subfield code="d">DLC</subfield>
  </datafield>
  <datafield tag="100" ind1="1" ind2="0">
    <subfield code="a">SchluĚter, Gustav</subfield>
  </datafield>
  <datafield tag="400" ind1="1" ind2="0">
    <subfield code="a">Schlueter, Gustav</subfield>
  </datafield>
  <datafield tag="670" ind1=" " ind2=" ">
    <subfield code="a">Telemann, G.P. Heldenmusik, c1947:</subfield>
    <subfield code="b">t.p. (Gustav SchluĚter)</subfield>
  </datafield>
  <datafield tag="670" ind1=" " ind2=" ">
    <subfield code="a">Telemann, G. P. Heroic music, c1956:</subfield>
    <subfield code="b">caption (Gustav Schlueter)</subfield>
  </datafield>
</record>